%YAML 1.1
%TAG !u! tag:unity3d.com,2011:
--- !u!1001 &100100000
Prefab:
  m_ObjectHideFlags: 1
  serializedVersion: 2
  m_Modification:
    m_TransformParent: {fileID: 0}
    m_Modifications: []
    m_RemovedComponents: []
  m_SourcePrefab: {fileID: 0}
  m_RootGameObject: {fileID: 1010042614410034}
  m_IsPrefabAsset: 1
--- !u!1 &1010042614410034
GameObject:
  m_ObjectHideFlags: 0
  m_CorrespondingSourceObject: {fileID: 0}
  m_PrefabInternal: {fileID: 100100000}
  serializedVersion: 6
  m_Component:
  - component: {fileID: 4042771751658464}
  - component: {fileID: 212633569233369832}
  - component: {fileID: 114463974722606790}
  - component: {fileID: 114340692771928072}
  m_Layer: 0
  m_Name: NPC 1
  m_TagString: NPC
  m_Icon: {fileID: 0}
  m_NavMeshLayer: 0
  m_StaticEditorFlags: 0
  m_IsActive: 1
--- !u!4 &4042771751658464
Transform:
  m_ObjectHideFlags: 1
  m_CorrespondingSourceObject: {fileID: 0}
  m_PrefabInternal: {fileID: 100100000}
  m_GameObject: {fileID: 1010042614410034}
  m_LocalRotation: {x: 0, y: 0, z: 0, w: 1}
  m_LocalPosition: {x: 0, y: 1, z: 0}
  m_LocalScale: {x: 1, y: 1, z: 1}
  m_Children: []
  m_Father: {fileID: 0}
  m_RootOrder: 0
  m_LocalEulerAnglesHint: {x: 0, y: 0, z: 0}
--- !u!114 &114340692771928072
MonoBehaviour:
  m_ObjectHideFlags: 1
  m_CorrespondingSourceObject: {fileID: 0}
  m_PrefabInternal: {fileID: 100100000}
  m_GameObject: {fileID: 1010042614410034}
  m_Enabled: 1
  m_EditorHideFlags: 0
  m_Script: {fileID: 11500000, guid: 6f43bb24a68a64b4ba00c5a351505360, type: 3}
  m_Name: 
  m_EditorClassIdentifier: 
  speed: 4
  layer: 0
  hitBoxSize: {x: 0.7, y: 0.7}
  deathSound: {fileID: 0}
  facing: 1
  isWalking: 0
  isInfested: 0
  minLevel: 1
  maxLevel: -1
  health: 1
  pointValue: 100
  speedFactor: 1
  speedTime: 0
  velocity: {x: 0, y: 0}
--- !u!114 &114463974722606790
MonoBehaviour:
  m_ObjectHideFlags: 1
  m_CorrespondingSourceObject: {fileID: 0}
  m_PrefabInternal: {fileID: 100100000}
  m_GameObject: {fileID: 1010042614410034}
  m_Enabled: 1
  m_EditorHideFlags: 0
  m_Script: {fileID: 11500000, guid: 83164aa0efeff4645b3ed8a6f0fa51b7, type: 3}
  m_Name: 
  m_EditorClassIdentifier: 
  animations:
  - name: Up
    frameMS: 150
    sprites:
    - {fileID: 21300008, guid: d4dc9bfd7282a474794b7bae9b06ed8f, type: 3}
    - {fileID: 21300006, guid: d4dc9bfd7282a474794b7bae9b06ed8f, type: 3}
    - {fileID: 21300008, guid: d4dc9bfd7282a474794b7bae9b06ed8f, type: 3}
    - {fileID: 21300010, guid: d4dc9bfd7282a474794b7bae9b06ed8f, type: 3}
  - name: Down
    frameMS: 150
    sprites:
    - {fileID: 21300054, guid: d4dc9bfd7282a474794b7bae9b06ed8f, type: 3}
    - {fileID: 21300056, guid: d4dc9bfd7282a474794b7bae9b06ed8f, type: 3}
    - {fileID: 21300054, guid: d4dc9bfd7282a474794b7bae9b06ed8f, type: 3}
    - {fileID: 21300058, guid: d4dc9bfd7282a474794b7bae9b06ed8f, type: 3}
  - name: Left
    frameMS: 150
    sprites:
    - {fileID: 21300078, guid: d4dc9bfd7282a474794b7bae9b06ed8f, type: 3}
    - {fileID: 21300080, guid: d4dc9bfd7282a474794b7bae9b06ed8f, type: 3}
    - {fileID: 21300078, guid: d4dc9bfd7282a474794b7bae9b06ed8f, type: 3}
    - {fileID: 21300082, guid: d4dc9bfd7282a474794b7bae9b06ed8f, type: 3}
  - name: Right
    frameMS: 150
    sprites:
    - {fileID: 21300030, guid: d4dc9bfd7282a474794b7bae9b06ed8f, type: 3}
    - {fileID: 21300032, guid: d4dc9bfd7282a474794b7bae9b06ed8f, type: 3}
    - {fileID: 21300030, guid: d4dc9bfd7282a474794b7bae9b06ed8f, type: 3}
    - {fileID: 21300034, guid: d4dc9bfd7282a474794b7bae9b06ed8f, type: 3}
  - name: IdleUp
    frameMS: 100
    sprites:
    - {fileID: 21300006, guid: d4dc9bfd7282a474794b7bae9b06ed8f, type: 3}
  - name: IdleDown
    frameMS: 100
    sprites:
    - {fileID: 21300054, guid: d4dc9bfd7282a474794b7bae9b06ed8f, type: 3}
  - name: IdleLeft
    frameMS: 100
    sprites:
    - {fileID: 21300078, guid: d4dc9bfd7282a474794b7bae9b06ed8f, type: 3}
  - name: IdleRight
    frameMS: 100
    sprites:
    - {fileID: 21300030, guid: d4dc9bfd7282a474794b7bae9b06ed8f, type: 3}
--- !u!212 &212633569233369832
SpriteRenderer:
  m_ObjectHideFlags: 1
  m_CorrespondingSourceObject: {fileID: 0}
  m_PrefabInternal: {fileID: 100100000}
  m_GameObject: {fileID: 1010042614410034}
  m_Enabled: 1
  m_CastShadows: 0
  m_ReceiveShadows: 0
  m_DynamicOccludee: 1
  m_MotionVectors: 1
  m_LightProbeUsage: 1
  m_ReflectionProbeUsage: 1
  m_RenderingLayerMask: 4294967295
  m_Materials:
  - {fileID: 10754, guid: 0000000000000000f000000000000000, type: 0}
  m_StaticBatchInfo:
    firstSubMesh: 0
    subMeshCount: 0
  m_StaticBatchRoot: {fileID: 0}
  m_ProbeAnchor: {fileID: 0}
  m_LightProbeVolumeOverride: {fileID: 0}
  m_ScaleInLightmap: 1
  m_PreserveUVs: 0
  m_IgnoreNormalsForChartDetection: 0
  m_ImportantGI: 0
  m_StitchLightmapSeams: 0
  m_SelectedEditorRenderState: 0
  m_MinimumChartSize: 4
  m_AutoUVMaxDistance: 0.5
  m_AutoUVMaxAngle: 89
  m_LightmapParameters: {fileID: 0}
  m_SortingLayerID: 0
  m_SortingLayer: 0
  m_SortingOrder: 2
  m_Sprite: {fileID: 0}
  m_Color: {r: 1, g: 1, b: 1, a: 1}
  m_FlipX: 0
  m_FlipY: 0
  m_DrawMode: 0
  m_Size: {x: 1, y: 1}
  m_AdaptiveModeThreshold: 0.5
  m_SpriteTileMode: 0
  m_WasSpriteAssigned: 0
  m_MaskInteraction: 0
  m_SpriteSortPoint: 0
