%YAML 1.1
%TAG !u! tag:unity3d.com,2011:
--- !u!29 &1
OcclusionCullingSettings:
  m_ObjectHideFlags: 0
  serializedVersion: 2
  m_OcclusionBakeSettings:
    smallestOccluder: 5
    smallestHole: 0.25
    backfaceThreshold: 100
  m_SceneGUID: 00000000000000000000000000000000
  m_OcclusionCullingData: {fileID: 0}
--- !u!104 &2
RenderSettings:
  m_ObjectHideFlags: 0
  serializedVersion: 9
  m_Fog: 0
  m_FogColor: {r: 0.5, g: 0.5, b: 0.5, a: 1}
  m_FogMode: 3
  m_FogDensity: 0.01
  m_LinearFogStart: 0
  m_LinearFogEnd: 300
  m_AmbientSkyColor: {r: 0.212, g: 0.227, b: 0.259, a: 1}
  m_AmbientEquatorColor: {r: 0.114, g: 0.125, b: 0.133, a: 1}
  m_AmbientGroundColor: {r: 0.047, g: 0.043, b: 0.035, a: 1}
  m_AmbientIntensity: 1
  m_AmbientMode: 0
  m_SubtractiveShadowColor: {r: 0.42, g: 0.478, b: 0.627, a: 1}
  m_SkyboxMaterial: {fileID: 10304, guid: 0000000000000000f000000000000000, type: 0}
  m_HaloStrength: 0.5
  m_FlareStrength: 1
  m_FlareFadeSpeed: 3
  m_HaloTexture: {fileID: 0}
  m_SpotCookie: {fileID: 10001, guid: 0000000000000000e000000000000000, type: 0}
  m_DefaultReflectionMode: 0
  m_DefaultReflectionResolution: 128
  m_ReflectionBounces: 1
  m_ReflectionIntensity: 1
  m_CustomReflection: {fileID: 0}
  m_Sun: {fileID: 0}
  m_IndirectSpecularColor: {r: 0.44657898, g: 0.496413, b: 0.5748175, a: 1}
  m_UseRadianceAmbientProbe: 0
--- !u!157 &3
LightmapSettings:
  m_ObjectHideFlags: 0
  serializedVersion: 11
  m_GIWorkflowMode: 0
  m_GISettings:
    serializedVersion: 2
    m_BounceScale: 1
    m_IndirectOutputScale: 1
    m_AlbedoBoost: 1
    m_TemporalCoherenceThreshold: 1
    m_EnvironmentLightingMode: 0
    m_EnableBakedLightmaps: 1
    m_EnableRealtimeLightmaps: 0
  m_LightmapEditorSettings:
    serializedVersion: 10
    m_Resolution: 2
    m_BakeResolution: 10
    m_AtlasSize: 512
    m_AO: 0
    m_AOMaxDistance: 1
    m_CompAOExponent: 1
    m_CompAOExponentDirect: 0
    m_Padding: 2
    m_LightmapParameters: {fileID: 0}
    m_LightmapsBakeMode: 1
    m_TextureCompression: 1
    m_FinalGather: 0
    m_FinalGatherFiltering: 1
    m_FinalGatherRayCount: 256
    m_ReflectionCompression: 2
    m_MixedBakeMode: 2
    m_BakeBackend: 1
    m_PVRSampling: 1
    m_PVRDirectSampleCount: 32
    m_PVRSampleCount: 256
    m_PVRBounces: 2
    m_PVRFilterTypeDirect: 0
    m_PVRFilterTypeIndirect: 0
    m_PVRFilterTypeAO: 0
    m_PVRFilteringMode: 1
    m_PVRCulling: 1
    m_PVRFilteringGaussRadiusDirect: 1
    m_PVRFilteringGaussRadiusIndirect: 5
    m_PVRFilteringGaussRadiusAO: 2
    m_PVRFilteringAtrousPositionSigmaDirect: 0.5
    m_PVRFilteringAtrousPositionSigmaIndirect: 2
    m_PVRFilteringAtrousPositionSigmaAO: 1
    m_ShowResolutionOverlay: 1
  m_LightingDataAsset: {fileID: 0}
  m_UseShadowmask: 1
--- !u!196 &4
NavMeshSettings:
  serializedVersion: 2
  m_ObjectHideFlags: 0
  m_BuildSettings:
    serializedVersion: 2
    agentTypeID: 0
    agentRadius: 0.5
    agentHeight: 2
    agentSlope: 45
    agentClimb: 0.4
    ledgeDropHeight: 0
    maxJumpAcrossDistance: 0
    minRegionArea: 2
    manualCellSize: 0
    cellSize: 0.16666667
    manualTileSize: 0
    tileSize: 256
    accuratePlacement: 0
    debug:
      m_Flags: 0
  m_NavMeshData: {fileID: 0}
--- !u!1 &170076733
GameObject:
  m_ObjectHideFlags: 0
  m_CorrespondingSourceObject: {fileID: 0}
  m_PrefabInternal: {fileID: 0}
  serializedVersion: 6
  m_Component:
  - component: {fileID: 170076735}
  - component: {fileID: 170076734}
  m_Layer: 0
  m_Name: Directional Light
  m_TagString: Untagged
  m_Icon: {fileID: 0}
  m_NavMeshLayer: 0
  m_StaticEditorFlags: 0
  m_IsActive: 1
--- !u!108 &170076734
Light:
  m_ObjectHideFlags: 0
  m_CorrespondingSourceObject: {fileID: 0}
  m_PrefabInternal: {fileID: 0}
  m_GameObject: {fileID: 170076733}
  m_Enabled: 1
  serializedVersion: 8
  m_Type: 1
  m_Color: {r: 1, g: 0.95686275, b: 0.8392157, a: 1}
  m_Intensity: 1
  m_Range: 10
  m_SpotAngle: 30
  m_CookieSize: 10
  m_Shadows:
    m_Type: 2
    m_Resolution: -1
    m_CustomResolution: -1
    m_Strength: 1
    m_Bias: 0.05
    m_NormalBias: 0.4
    m_NearPlane: 0.2
  m_Cookie: {fileID: 0}
  m_DrawHalo: 0
  m_Flare: {fileID: 0}
  m_RenderMode: 0
  m_CullingMask:
    serializedVersion: 2
    m_Bits: 4294967295
  m_Lightmapping: 1
  m_LightShadowCasterMode: 0
  m_AreaSize: {x: 1, y: 1}
  m_BounceIntensity: 1
  m_ColorTemperature: 6570
  m_UseColorTemperature: 0
  m_ShadowRadius: 0
  m_ShadowAngle: 0
--- !u!4 &170076735
Transform:
  m_ObjectHideFlags: 0
  m_CorrespondingSourceObject: {fileID: 0}
  m_PrefabInternal: {fileID: 0}
  m_GameObject: {fileID: 170076733}
  m_LocalRotation: {x: 0.40821788, y: -0.23456968, z: 0.10938163, w: 0.8754261}
  m_LocalPosition: {x: 0, y: 3, z: 0}
  m_LocalScale: {x: 1, y: 1, z: 1}
  m_Children: []
  m_Father: {fileID: 0}
  m_RootOrder: 0
  m_LocalEulerAnglesHint: {x: 50, y: -30, z: 0}
--- !u!1 &282840810
GameObject:
  m_ObjectHideFlags: 0
  m_CorrespondingSourceObject: {fileID: 0}
  m_PrefabInternal: {fileID: 0}
  serializedVersion: 6
  m_Component:
  - component: {fileID: 282840814}
  - component: {fileID: 282840813}
  - component: {fileID: 282840811}
  m_Layer: 0
  m_Name: Main Camera
  m_TagString: MainCamera
  m_Icon: {fileID: 0}
  m_NavMeshLayer: 0
  m_StaticEditorFlags: 0
  m_IsActive: 1
--- !u!81 &282840811
AudioListener:
  m_ObjectHideFlags: 0
  m_CorrespondingSourceObject: {fileID: 0}
  m_PrefabInternal: {fileID: 0}
  m_GameObject: {fileID: 282840810}
  m_Enabled: 1
--- !u!20 &282840813
Camera:
  m_ObjectHideFlags: 0
  m_CorrespondingSourceObject: {fileID: 0}
  m_PrefabInternal: {fileID: 0}
  m_GameObject: {fileID: 282840810}
  m_Enabled: 1
  serializedVersion: 2
  m_ClearFlags: 2
  m_BackGroundColor: {r: 0.13216448, g: 0.2830189, b: 0.13216448, a: 0}
  m_projectionMatrixMode: 1
  m_SensorSize: {x: 36, y: 24}
  m_LensShift: {x: 0, y: 0}
  m_FocalLength: 50
  m_NormalizedViewPortRect:
    serializedVersion: 2
    x: 0
    y: 0
    width: 1
    height: 1
  near clip plane: 0.3
  far clip plane: 1000
  field of view: 60
  orthographic: 1
  orthographic size: 5
  m_Depth: -1
  m_CullingMask:
    serializedVersion: 2
    m_Bits: 311
  m_RenderingPath: -1
  m_TargetTexture: {fileID: 0}
  m_TargetDisplay: 0
  m_TargetEye: 3
  m_HDR: 1
  m_AllowMSAA: 1
  m_AllowDynamicResolution: 0
  m_ForceIntoRT: 1
  m_OcclusionCulling: 1
  m_StereoConvergence: 10
  m_StereoSeparation: 0.022
--- !u!4 &282840814
Transform:
  m_ObjectHideFlags: 0
  m_CorrespondingSourceObject: {fileID: 0}
  m_PrefabInternal: {fileID: 0}
  m_GameObject: {fileID: 282840810}
  m_LocalRotation: {x: -0, y: -0, z: -0, w: 1}
  m_LocalPosition: {x: 0, y: 0, z: -10}
  m_LocalScale: {x: 1, y: 1, z: 1}
  m_Children:
  - {fileID: 1430319338}
  m_Father: {fileID: 1235803242}
  m_RootOrder: 0
  m_LocalEulerAnglesHint: {x: 0, y: 0, z: 0}
--- !u!1 &825382353
GameObject:
  m_ObjectHideFlags: 0
  m_CorrespondingSourceObject: {fileID: 0}
  m_PrefabInternal: {fileID: 0}
  serializedVersion: 6
  m_Component:
  - component: {fileID: 825382356}
  - component: {fileID: 825382354}
  - component: {fileID: 825382355}
  m_Layer: 0
  m_Name: Map
  m_TagString: Map
  m_Icon: {fileID: 0}
  m_NavMeshLayer: 0
  m_StaticEditorFlags: 0
  m_IsActive: 1
--- !u!114 &825382354
MonoBehaviour:
  m_ObjectHideFlags: 0
  m_CorrespondingSourceObject: {fileID: 0}
  m_PrefabInternal: {fileID: 0}
  m_GameObject: {fileID: 825382353}
  m_Enabled: 1
  m_EditorHideFlags: 0
  m_Script: {fileID: 11500000, guid: 7d4a038a7f0474f6db59b33cc5f2b428, type: 3}
  m_Name: 
  m_EditorClassIdentifier: 
  enemyPrefabs: []
  collectPrefabs: []
  material: {fileID: 2100000, guid: d7fa83140631f45b4b1521de5f32c641, type: 2}
  backgroundTexture: {fileID: 2800000, guid: 2e4a61777acbe46228c3188c3503a32f, type: 3}
--- !u!114 &825382355
MonoBehaviour:
  m_ObjectHideFlags: 0
  m_CorrespondingSourceObject: {fileID: 0}
  m_PrefabInternal: {fileID: 0}
  m_GameObject: {fileID: 825382353}
  m_Enabled: 1
  m_EditorHideFlags: 0
  m_Script: {fileID: 11500000, guid: 19f29f1119d754762b7899c86c0604ff, type: 3}
  m_Name: 
  m_EditorClassIdentifier: 
  infestationEffect: {fileID: 198059441215720894, guid: 875e35c9cc7324771b0d6d492b1fb79a,
    type: 2}
  npcPrefabs:
  - {fileID: 1010042614410034, guid: afd49c4bb2ac948a5a8387a2c0aac539, type: 2}
  - {fileID: 1543577546933676, guid: 03927574f743e4493affcec5076b7dfa, type: 2}
  - {fileID: 1032858051165586, guid: 0e76ae2b2ffb04dee8b069d91660dac8, type: 2}
--- !u!4 &825382356
Transform:
  m_ObjectHideFlags: 0
  m_CorrespondingSourceObject: {fileID: 0}
  m_PrefabInternal: {fileID: 0}
  m_GameObject: {fileID: 825382353}
  m_LocalRotation: {x: 0, y: 0, z: 0, w: 1}
  m_LocalPosition: {x: 0, y: 0, z: 0}
  m_LocalScale: {x: 1, y: 1, z: 1}
  m_Children: []
  m_Father: {fileID: 0}
  m_RootOrder: 2
  m_LocalEulerAnglesHint: {x: 0, y: 0, z: 0}
--- !u!1 &1235803238
GameObject:
  m_ObjectHideFlags: 0
  m_CorrespondingSourceObject: {fileID: 0}
  m_PrefabInternal: {fileID: 0}
  serializedVersion: 6
  m_Component:
  - component: {fileID: 1235803242}
  - component: {fileID: 1235803241}
  - component: {fileID: 1235803240}
  - component: {fileID: 1235803239}
  m_Layer: 0
  m_Name: Player
  m_TagString: Player
  m_Icon: {fileID: 0}
  m_NavMeshLayer: 0
  m_StaticEditorFlags: 0
  m_IsActive: 1
--- !u!114 &1235803239
MonoBehaviour:
  m_ObjectHideFlags: 0
  m_CorrespondingSourceObject: {fileID: 0}
  m_PrefabInternal: {fileID: 0}
  m_GameObject: {fileID: 1235803238}
  m_Enabled: 1
  m_EditorHideFlags: 0
  m_Script: {fileID: 11500000, guid: 83164aa0efeff4645b3ed8a6f0fa51b7, type: 3}
  m_Name: 
  m_EditorClassIdentifier: 
  animations:
  - name: Up
    frameMS: 150
    sprites:
    - {fileID: 21300002, guid: d4dc9bfd7282a474794b7bae9b06ed8f, type: 3}
    - {fileID: 21300004, guid: d4dc9bfd7282a474794b7bae9b06ed8f, type: 3}
    - {fileID: 21300002, guid: d4dc9bfd7282a474794b7bae9b06ed8f, type: 3}
    - {fileID: 21300000, guid: d4dc9bfd7282a474794b7bae9b06ed8f, type: 3}
  - name: Down
    frameMS: 150
    sprites:
    - {fileID: 21300050, guid: d4dc9bfd7282a474794b7bae9b06ed8f, type: 3}
    - {fileID: 21300052, guid: d4dc9bfd7282a474794b7bae9b06ed8f, type: 3}
    - {fileID: 21300050, guid: d4dc9bfd7282a474794b7bae9b06ed8f, type: 3}
    - {fileID: 21300048, guid: d4dc9bfd7282a474794b7bae9b06ed8f, type: 3}
  - name: Left
    frameMS: 150
    sprites:
    - {fileID: 21300074, guid: d4dc9bfd7282a474794b7bae9b06ed8f, type: 3}
    - {fileID: 21300076, guid: d4dc9bfd7282a474794b7bae9b06ed8f, type: 3}
    - {fileID: 21300074, guid: d4dc9bfd7282a474794b7bae9b06ed8f, type: 3}
    - {fileID: 21300072, guid: d4dc9bfd7282a474794b7bae9b06ed8f, type: 3}
  - name: Right
    frameMS: 150
    sprites:
    - {fileID: 21300026, guid: d4dc9bfd7282a474794b7bae9b06ed8f, type: 3}
    - {fileID: 21300028, guid: d4dc9bfd7282a474794b7bae9b06ed8f, type: 3}
    - {fileID: 21300026, guid: d4dc9bfd7282a474794b7bae9b06ed8f, type: 3}
    - {fileID: 21300024, guid: d4dc9bfd7282a474794b7bae9b06ed8f, type: 3}
  - name: IdleUp
    frameMS: 100
    sprites:
    - {fileID: 21300002, guid: d4dc9bfd7282a474794b7bae9b06ed8f, type: 3}
  - name: IdleDown
    frameMS: 100
    sprites:
    - {fileID: 21300050, guid: d4dc9bfd7282a474794b7bae9b06ed8f, type: 3}
  - name: IdleLeft
    frameMS: 100
    sprites:
    - {fileID: 21300074, guid: d4dc9bfd7282a474794b7bae9b06ed8f, type: 3}
  - name: IdleRight
    frameMS: 100
    sprites:
    - {fileID: 21300026, guid: d4dc9bfd7282a474794b7bae9b06ed8f, type: 3}
  - name: Fail
    frameMS: 250
    sprites:
    - {fileID: 21300098, guid: d4dc9bfd7282a474794b7bae9b06ed8f, type: 3}
    - {fileID: 21300102, guid: d4dc9bfd7282a474794b7bae9b06ed8f, type: 3}
    - {fileID: 21300104, guid: d4dc9bfd7282a474794b7bae9b06ed8f, type: 3}
  - name: Dead
    frameMS: 100
    sprites:
    - {fileID: 21300104, guid: d4dc9bfd7282a474794b7bae9b06ed8f, type: 3}
  - name: Activate
    frameMS: 250
    sprites:
    - {fileID: 21300106, guid: d4dc9bfd7282a474794b7bae9b06ed8f, type: 3}
    - {fileID: 21300100, guid: d4dc9bfd7282a474794b7bae9b06ed8f, type: 3}
    - {fileID: 21300100, guid: d4dc9bfd7282a474794b7bae9b06ed8f, type: 3}
    - {fileID: 21300100, guid: d4dc9bfd7282a474794b7bae9b06ed8f, type: 3}
    - {fileID: 21300100, guid: d4dc9bfd7282a474794b7bae9b06ed8f, type: 3}
    - {fileID: 21300100, guid: d4dc9bfd7282a474794b7bae9b06ed8f, type: 3}
  - name: Channel
    frameMS: 30
    sprites:
    - {fileID: 21300106, guid: d4dc9bfd7282a474794b7bae9b06ed8f, type: 3}
  - name: Teleport
    frameMS: 250
    sprites:
    - {fileID: 21300106, guid: d4dc9bfd7282a474794b7bae9b06ed8f, type: 3}
    - {fileID: 21300100, guid: d4dc9bfd7282a474794b7bae9b06ed8f, type: 3}
    - {fileID: 21300102, guid: d4dc9bfd7282a474794b7bae9b06ed8f, type: 3}
    - {fileID: 21300102, guid: d4dc9bfd7282a474794b7bae9b06ed8f, type: 3}
--- !u!114 &1235803240
MonoBehaviour:
  m_ObjectHideFlags: 0
  m_CorrespondingSourceObject: {fileID: 0}
  m_PrefabInternal: {fileID: 0}
  m_GameObject: {fileID: 1235803238}
  m_Enabled: 1
  m_EditorHideFlags: 0
  m_Script: {fileID: 11500000, guid: d5d49738f9a7b4408b33a24abebc3573, type: 3}
  m_Name: 
  m_EditorClassIdentifier: 
  speed: 5
  layer: 0
  hitBoxSize: {x: 0.7, y: 0.7}
  deathSound: {fileID: 8300000, guid: 112add9f993d94406b79f512fc331e93, type: 3}
  facing: 1
  isWalking: 0
  isInfested: 0
  isInfectious: 1
  disableCollision: 0
  fireSound: {fileID: 8300000, guid: 1a10710dd9f26499197ac65564e74173, type: 3}
  hurtSound: {fileID: 8300000, guid: f49d2846bd5ac47b684c2feea742c94c, type: 3}
  teleportSound: {fileID: 8300000, guid: e68fb20138e6444d2b666031ffdb7fd3, type: 3}
  bulletPrefab: {fileID: 1410827383964654, guid: 2d2c9a90cb8184675b84e02d0703ec76,
    type: 2}
  teleportPrefab: {fileID: 1434203554736086, guid: 18e3be67ca85d40fab1cc51eaaef9ec0,
    type: 2}
  radarIcon: {fileID: 10300, guid: 0000000000000000f000000000000000, type: 0}
  bulletIcon: {fileID: 10913, guid: 0000000000000000f000000000000000, type: 0}
  velocity: {x: 0, y: 0}
  horizontal_momentum: 0
  vertical_momentum: 0
--- !u!212 &1235803241
SpriteRenderer:
  m_ObjectHideFlags: 0
  m_CorrespondingSourceObject: {fileID: 0}
  m_PrefabInternal: {fileID: 0}
  m_GameObject: {fileID: 1235803238}
  m_Enabled: 1
  m_CastShadows: 0
  m_ReceiveShadows: 0
  m_DynamicOccludee: 1
  m_MotionVectors: 1
  m_LightProbeUsage: 1
  m_ReflectionProbeUsage: 1
  m_RenderingLayerMask: 4294967295
  m_Materials:
  - {fileID: 10754, guid: 0000000000000000f000000000000000, type: 0}
  m_StaticBatchInfo:
    firstSubMesh: 0
    subMeshCount: 0
  m_StaticBatchRoot: {fileID: 0}
  m_ProbeAnchor: {fileID: 0}
  m_LightProbeVolumeOverride: {fileID: 0}
  m_ScaleInLightmap: 1
  m_PreserveUVs: 0
  m_IgnoreNormalsForChartDetection: 0
  m_ImportantGI: 0
  m_StitchLightmapSeams: 0
  m_SelectedEditorRenderState: 0
  m_MinimumChartSize: 4
  m_AutoUVMaxDistance: 0.5
  m_AutoUVMaxAngle: 89
  m_LightmapParameters: {fileID: 0}
  m_SortingLayerID: 0
  m_SortingLayer: 0
  m_SortingOrder: 2
  m_Sprite: {fileID: 0}
  m_Color: {r: 1, g: 1, b: 1, a: 1}
  m_FlipX: 0
  m_FlipY: 0
  m_DrawMode: 0
  m_Size: {x: 1, y: 1}
  m_AdaptiveModeThreshold: 0.5
  m_SpriteTileMode: 0
  m_WasSpriteAssigned: 0
  m_MaskInteraction: 0
  m_SpriteSortPoint: 0
--- !u!4 &1235803242
Transform:
  m_ObjectHideFlags: 0
  m_CorrespondingSourceObject: {fileID: 0}
  m_PrefabInternal: {fileID: 0}
  m_GameObject: {fileID: 1235803238}
  m_LocalRotation: {x: 0, y: 0, z: 0, w: 1}
  m_LocalPosition: {x: 0, y: 1, z: 0}
  m_LocalScale: {x: 1, y: 1, z: 1}
  m_Children:
  - {fileID: 282840814}
  m_Father: {fileID: 0}
  m_RootOrder: 3
  m_LocalEulerAnglesHint: {x: 0, y: 0, z: 0}
--- !u!1 &1430319337
GameObject:
  m_ObjectHideFlags: 0
  m_CorrespondingSourceObject: {fileID: 0}
  m_PrefabInternal: {fileID: 0}
  serializedVersion: 6
  m_Component:
  - component: {fileID: 1430319338}
  - component: {fileID: 1430319340}
  m_Layer: 0
  m_Name: Overlay Camera
  m_TagString: OverlayCamera
  m_Icon: {fileID: 0}
  m_NavMeshLayer: 0
  m_StaticEditorFlags: 0
  m_IsActive: 1
--- !u!4 &1430319338
Transform:
  m_ObjectHideFlags: 0
  m_CorrespondingSourceObject: {fileID: 0}
  m_PrefabInternal: {fileID: 0}
  m_GameObject: {fileID: 1430319337}
  m_LocalRotation: {x: -0, y: -0, z: -0, w: 1}
  m_LocalPosition: {x: 0, y: 0, z: 0}
  m_LocalScale: {x: 1, y: 1, z: 1}
  m_Children: []
  m_Father: {fileID: 282840814}
  m_RootOrder: 0
  m_LocalEulerAnglesHint: {x: 0, y: 0, z: 0}
--- !u!20 &1430319340
Camera:
  m_ObjectHideFlags: 0
  m_CorrespondingSourceObject: {fileID: 0}
  m_PrefabInternal: {fileID: 0}
  m_GameObject: {fileID: 1430319337}
  m_Enabled: 1
  serializedVersion: 2
  m_ClearFlags: 4
  m_BackGroundColor: {r: 0.19215687, g: 0.3019608, b: 0.4745098, a: 0}
  m_projectionMatrixMode: 1
  m_SensorSize: {x: 36, y: 24}
  m_LensShift: {x: 0, y: 0}
  m_FocalLength: 50
  m_NormalizedViewPortRect:
    serializedVersion: 2
    x: 0
    y: 0
    width: 1
    height: 1
  near clip plane: 0.3
  far clip plane: 1000
  field of view: 60
  orthographic: 1
  orthographic size: 5
  m_Depth: -0.32
  m_CullingMask:
    serializedVersion: 2
    m_Bits: 512
  m_RenderingPath: -1
  m_TargetTexture: {fileID: 0}
  m_TargetDisplay: 0
  m_TargetEye: 3
  m_HDR: 1
  m_AllowMSAA: 1
  m_AllowDynamicResolution: 0
  m_ForceIntoRT: 1
  m_OcclusionCulling: 1
  m_StereoConvergence: 10
  m_StereoSeparation: 0.022
--- !u!1 &1516912638
GameObject:
  m_ObjectHideFlags: 0
  m_CorrespondingSourceObject: {fileID: 0}
  m_PrefabInternal: {fileID: 0}
  serializedVersion: 6
  m_Component:
  - component: {fileID: 1516912640}
  - component: {fileID: 1516912639}
  - component: {fileID: 1516912641}
  m_Layer: 0
  m_Name: Game Manager
  m_TagString: Untagged
  m_Icon: {fileID: 0}
  m_NavMeshLayer: 0
  m_StaticEditorFlags: 0
  m_IsActive: 1
--- !u!114 &1516912639
MonoBehaviour:
  m_ObjectHideFlags: 0
  m_CorrespondingSourceObject: {fileID: 0}
  m_PrefabInternal: {fileID: 0}
  m_GameObject: {fileID: 1516912638}
  m_Enabled: 1
  m_EditorHideFlags: 0
  m_Script: {fileID: 11500000, guid: 43ee6807473f44f5b9df72608063b915, type: 3}
  m_Name: 
  m_EditorClassIdentifier: 
  audioSource: []
  musicSource: {fileID: 0}
  initialLives: 3
  titleImage: {fileID: 2800000, guid: 9cfe9ee7c917e47c994a7779d11b97cb, type: 3}
  titleMusic: {fileID: 8300000, guid: 5c834751c142442739962bee94529390, type: 3}
  gameMusic: {fileID: 8300000, guid: 5029b4a340cfd412aa941e888d5c6b6d, type: 3}
--- !u!4 &1516912640
Transform:
  m_ObjectHideFlags: 0
  m_CorrespondingSourceObject: {fileID: 0}
  m_PrefabInternal: {fileID: 0}
  m_GameObject: {fileID: 1516912638}
  m_LocalRotation: {x: 0, y: 0, z: 0, w: 1}
  m_LocalPosition: {x: 0, y: 0, z: 0}
  m_LocalScale: {x: 1, y: 1, z: 1}
  m_Children: []
  m_Father: {fileID: 0}
  m_RootOrder: 1
  m_LocalEulerAnglesHint: {x: 0, y: 0, z: 0}
--- !u!114 &1516912641
MonoBehaviour:
  m_ObjectHideFlags: 0
  m_CorrespondingSourceObject: {fileID: 0}
  m_PrefabInternal: {fileID: 0}
  m_GameObject: {fileID: 1516912638}
  m_Enabled: 1
  m_EditorHideFlags: 0
  m_Script: {fileID: 11500000, guid: 5e327150023c549839723e3970086806, type: 3}
  m_Name: 
  m_EditorClassIdentifier: 
